<record><leader>00000cas a2200000 a 4500</leader><controlfield tag="001">20713920</controlfield><controlfield tag="008">891130d19832000mdusr ne      0   a0eng c</controlfield><datafield ind1=" " ind2=" " tag="010"><subfield code="a">sn 89060365 </subfield></datafield><datafield ind1=" " ind2=" " tag="040"><subfield code="a">MFN</subfield><subfield code="b">eng</subfield><subfield code="c">MFN</subfield><subfield code="d">NST</subfield><subfield code="d">NSD</subfield><subfield code="d">CNW</subfield><subfield code="d">MHN</subfield><subfield code="d">EYM</subfield><subfield code="d">OCL</subfield><subfield code="d">CVF</subfield><subfield code="d">NSD</subfield><subfield code="d">OCLCQ</subfield><subfield code="d">OCLCF</subfield><subfield code="d">OCLCO</subfield></datafield><datafield ind1=" " ind2=" " tag="012"><subfield code="i">9209</subfield><subfield code="j">1</subfield><subfield code="l">1</subfield></datafield><datafield ind1="1" ind2=" " tag="022"><subfield code="a">1065-3821</subfield><subfield code="l">1065-3821</subfield><subfield code="2">1</subfield></datafield><datafield ind1="1" ind2=" " tag="029"><subfield code="a">AU@</subfield><subfield code="b">000021677476</subfield></datafield><datafield ind1=" " ind2=" " tag="042"><subfield code="a">pcc</subfield><subfield code="a">nsdp</subfield></datafield><datafield ind1=" " ind2="4" tag="222"><subfield code="a">The Baltimore gay paper</subfield></datafield><datafield ind1="0" ind2="4" tag="245"><subfield code="a">The Baltimore gay paper.</subfield></datafield><datafield ind1="1" ind2="7" tag="246"><subfield code="a">Gay paper</subfield></datafield><datafield ind1=" " ind2=" " tag="260"><subfield code="a">Baltimore, Md. :</subfield><subfield code="b">Gay Community Center of Baltimore,</subfield></datafield><datafield ind1=" " ind2=" " tag="300"><subfield code="a">v. :</subfield><subfield code="b">ill.</subfield></datafield><datafield ind1=" " ind2=" " tag="310"><subfield code="a">Semimonthly,</subfield><subfield code="b">Aug. 1988-</subfield></datafield><datafield ind1=" " ind2=" " tag="321"><subfield code="a">Monthly,</subfield><subfield code="b">1983-July 1988</subfield></datafield><datafield ind1="0" ind2=" " tag="362"><subfield code="a">Vol. 5, no. 9 (Sept. 1983)-</subfield></datafield><datafield ind1="1" ind2=" " tag="362"><subfield code="a">Ceased pub. in 2000.</subfield></datafield><datafield ind1=" " ind2=" " tag="515"><subfield code="a">Mar. 30, 2000 and Apr. 13, 2000 both numbered Vol. 21, no. 7.</subfield></datafield><datafield ind1=" " ind2=" " tag="580"><subfield code="a">Beginning Jan. 2000, has separately numbered supplement called: Mid-Atlantic gay life; in May 2000 Mid-Atlantic gay life merged with: Baltimore gay paper; to form: BGP and Mid-Atlantic gay life.</subfield></datafield><datafield ind1=" " ind2="0" tag="650"><subfield code="a">Gays</subfield><subfield code="z">Maryland</subfield><subfield code="z">Baltimore</subfield><subfield code="v">Newspapers.</subfield></datafield><datafield ind1=" " ind2="0" tag="650"><subfield code="a">Lesbians</subfield><subfield code="z">Maryland</subfield><subfield code="z">Baltimore</subfield><subfield code="v">Newspapers.</subfield></datafield><datafield ind1=" " ind2="0" tag="650"><subfield code="a">Homosexuality</subfield><subfield code="z">Maryland</subfield><subfield code="z">Baltimore</subfield><subfield code="v">Newspapers.</subfield></datafield><datafield ind1=" " ind2="0" tag="651"><subfield code="a">Baltimore (Md.)</subfield><subfield code="v">Newspapers.</subfield></datafield><datafield ind1=" " ind2="0" tag="651"><subfield code="a">Baltimore County (Md.)</subfield><subfield code="v">Newspapers.</subfield></datafield><datafield ind1=" " ind2="7" tag="655"><subfield code="a">Newspapers.</subfield><subfield code="2">fast</subfield><subfield code="0">(OCoLC)fst01423814</subfield></datafield><datafield ind1=" " ind2="7" tag="650"><subfield code="a">Gays.</subfield><subfield code="2">fast</subfield><subfield code="0">(OCoLC)fst00939255</subfield></datafield><datafield ind1=" " ind2="7" tag="650"><subfield code="a">Homosexuality.</subfield><subfield code="2">fast</subfield><subfield code="0">(OCoLC)fst00959755</subfield></datafield><datafield ind1=" " ind2="7" tag="650"><subfield code="a">Lesbians.</subfield><subfield code="2">fast</subfield><subfield code="0">(OCoLC)fst00996540</subfield></datafield><datafield ind1=" " ind2="7" tag="651"><subfield code="a">Maryland</subfield><subfield code="z">Baltimore.</subfield><subfield code="2">fast</subfield><subfield code="0">(OCoLC)fst01204292</subfield></datafield><datafield ind1=" " ind2="7" tag="651"><subfield code="a">Maryland</subfield><subfield code="z">Baltimore County.</subfield><subfield code="2">fast</subfield><subfield code="0">(OCoLC)fst01204502</subfield></datafield><datafield ind1="2" ind2=" " tag="710"><subfield code="a">Gay Community Center of Baltimore.</subfield></datafield><datafield ind1="2" ind2=" " tag="710"><subfield code="a">Gay and Lesbian Community Center of Baltimore.</subfield></datafield><datafield ind1="0" ind2=" " tag="730"><subfield code="a">Mid-Atlantic gay life.</subfield></datafield><datafield ind1=" " ind2=" " tag="752"><subfield code="a">United States</subfield><subfield code="b">Maryland</subfield><subfield code="c">Baltimore</subfield><subfield code="d">Baltimore.</subfield></datafield><datafield ind1="1" ind2=" " tag="770"><subfield code="t">Mid-Atlantic gay life</subfield><subfield code="w">(DLC)   00227207</subfield><subfield code="w">(OCoLC)44532522</subfield></datafield><datafield ind1="0" ind2="0" tag="780"><subfield code="t">Gay paper</subfield><subfield code="x">1065-3910</subfield><subfield code="w">(DLC)sn 89060364</subfield><subfield code="w">(OCoLC)20713914</subfield></datafield><datafield ind1="1" ind2="7" tag="785"><subfield code="t">Mid-Atlantic gay life</subfield><subfield code="w">(DLC)   00227207</subfield><subfield code="w">(OCoLC)44532522</subfield></datafield><datafield ind1="1" ind2="7" tag="785"><subfield code="t">BGP and Mid-Atlantic gay life</subfield><subfield code="x">1536-8645</subfield><subfield code="w">(DLC)   00227208</subfield><subfield code="w">(OCoLC)44532532</subfield></datafield><datafield ind1=" " ind2=" " tag="850"><subfield code="a">MiEM</subfield></datafield></record>